@article{example,
  author = {Vaswani, Ashish and Shazeer, Noam and Parmar, Niki and Uszkoreit, Jakob and Jones, Llion and Gomez, Aidan N. and Kaiser, Lukasz and Polosukhin, Illia},
  title = {Attention Is All You Need},
  journal = {arXiv},
  year = {2017},
  url = {https://arxiv.org/abs/1706.03762}
}